@misc{who2023,
	author       = {{World Health Organization}},
	title        = {Noncommunicable diseases},
	year         = {2023},
	howpublished = {\url{https://www.who.int/news-room/fact-sheets/detail/noncommunicable-diseases}}
}
@article{Hardiman2017,
	title={Amyotrophic lateral sclerosis},
	author={Hardiman, Orla and Al-Chalabi, Ammar and Chio, Adriano and Corr, Eoin M and Logroscino, Giancarlo and Robberecht, Wim and Shaw, Pamela J and Simmons, Zachary and van den Berg, Leonard H},
	journal={Nature Reviews Disease Primers},
	volume={3},
	number={1},
	pages={17071},
	year={2017},
	publisher={Nature Publishing Group},
	doi={10.1038/nrdp.2017.71}
}
